<record><leader>00000cas a22000007a 4500</leader><controlfield tag="001">16841117</controlfield><controlfield tag="008">871012d184918uutxuwr ne      0    0eng d</controlfield><datafield ind1=" " ind2=" " tag="010"><subfield code="a">sn 87090982 </subfield></datafield><datafield ind1=" " ind2=" " tag="040"><subfield code="a">PPM</subfield><subfield code="b">eng</subfield><subfield code="c">PPM</subfield><subfield code="d">OCLCQ</subfield></datafield><datafield ind1=" " ind2=" " tag="042"><subfield code="a">msc</subfield></datafield><datafield ind1="0" ind2="4" tag="245"><subfield code="a">The Houston gazette.</subfield></datafield><datafield ind1=" " ind2=" " tag="260"><subfield code="a">Houston, Tex. :</subfield><subfield code="b">J.C. Harrison &amp; G.W. Perkins</subfield></datafield><datafield ind1=" " ind2=" " tag="310"><subfield code="a">Weekly</subfield></datafield><datafield ind1="1" ind2=" " tag="362"><subfield code="a">Began in 1849?</subfield></datafield><datafield ind1=" " ind2=" " tag="530"><subfield code="a">Also on microfilm: Austin, Texas: The University of Texas, Center for American History.</subfield></datafield><datafield ind1=" " ind2=" " tag="588"><subfield code="a">Description based on: Vol. 1, no. 30 (Aug. 25, 1849).</subfield></datafield><datafield ind1=" " ind2=" " tag="752"><subfield code="a">United States</subfield><subfield code="b">Texas</subfield><subfield code="c">Harris</subfield><subfield code="d">Houston.</subfield></datafield></record>